<record><leader>00000cas a22000007a 4500</leader><controlfield tag="001">16794347</controlfield><controlfield tag="008">871001d18931930inuwr ne      0    0eng d</controlfield><datafield ind1=" " ind2=" " tag="010"><subfield code="a">sn 87055548 </subfield></datafield><datafield ind1=" " ind2=" " tag="040"><subfield code="a">NPI</subfield><subfield code="b">eng</subfield><subfield code="c">NPI</subfield><subfield code="d">OCLCQ</subfield></datafield><datafield ind1=" " ind2=" " tag="042"><subfield code="a">msc</subfield></datafield><datafield ind1="0" ind2="4" tag="245"><subfield code="a">The Batesville tribune.</subfield></datafield><datafield ind1=" " ind2=" " tag="260"><subfield code="a">Batesville, Ind. :</subfield><subfield code="b">Batesville Pub. Co.,</subfield><subfield code="c">1893-</subfield></datafield><datafield ind1=" " ind2=" " tag="300"><subfield code="a">v.</subfield></datafield><datafield ind1=" " ind2=" " tag="310"><subfield code="a">Weekly</subfield></datafield><datafield ind1="0" ind2=" " tag="362"><subfield code="a">Vol. 1, no. 1 (June 22, 1893)-</subfield></datafield><datafield ind1="1" ind2=" " tag="362"><subfield code="a">Ceased in 1930.</subfield></datafield><datafield ind1=" " ind2=" " tag="752"><subfield code="a">United States</subfield><subfield code="b">Indiana</subfield><subfield code="c">Ripley</subfield><subfield code="d">Batesville.</subfield></datafield><datafield ind1="0" ind2="0" tag="780"><subfield code="t">Independent record (Batesville, Ind.)</subfield><subfield code="w">(DLC)sn 94055022</subfield></datafield><datafield ind1="0" ind2="7" tag="785"><subfield code="t">Batesville herald</subfield><subfield code="w">(DLC)sn 85047757</subfield></datafield><datafield ind1="0" ind2="7" tag="785"><subfield code="t">Herald-tribune (Batesville, Ind.)</subfield><subfield code="w">(DLC)sn 83008698</subfield></datafield></record>